<record><leader>01688cam a2200469 i 4500</leader><controlfield tag="001">6742507</controlfield><controlfield tag="003">The World Bank</controlfield><controlfield tag="005">20150416092536.0</controlfield><controlfield tag="006">m        d        </controlfield><controlfield tag="007">cr cn|||||||||</controlfield><controlfield tag="008">140915s2015    dcu     ob   i001 0 eng  </controlfield><datafield ind1=" " ind2=" " tag="010"><subfield code="a">2014036198</subfield></datafield><datafield ind1=" " ind2=" " tag="020"><subfield code="a">9781464803826 (alk. paper)</subfield></datafield><datafield ind1=" " ind2=" " tag="020"><subfield code="z">9781464803833 (electronic)</subfield></datafield><datafield ind1=" " ind2=" " tag="020"><subfield code="z">9781464804168 (fixed-format e-book)</subfield></datafield><datafield ind1=" " ind2=" " tag="039"><subfield code="a">exclude</subfield></datafield><datafield ind1=" " ind2=" " tag="040"><subfield code="a">DLC</subfield><subfield code="b">eng</subfield><subfield code="c">DLC</subfield><subfield code="e">rda</subfield><subfield code="d">DLC</subfield><subfield code="d">AEU</subfield></datafield><datafield ind1=" " ind2=" " tag="042"><subfield code="a">pcc</subfield></datafield><datafield ind1=" " ind2=" " tag="043"><subfield code="a">d------</subfield></datafield><datafield ind1="0" ind2="0" tag="050"><subfield code="a">HG3881.5.W57</subfield><subfield code="b">G853 2015</subfield></datafield><datafield ind1="0" ind2="0" tag="082"><subfield code="a">332.1/532</subfield><subfield code="2">23</subfield></datafield><datafield ind1=" " ind2=" " tag="090"><subfield code="a">Internet Access</subfield><subfield code="b">AEU</subfield></datafield><datafield ind1="0" ind2=" " tag="130"><subfield code="a">Guide to the World Bank.</subfield></datafield><datafield ind1="1" ind2="4" tag="245"><subfield code="a">The World Bank Group A to Z.</subfield></datafield><datafield ind1=" " ind2=" " tag="250"><subfield code="a">[Revised edition].</subfield></datafield><datafield ind1=" " ind2="1" tag="264"><subfield code="a">Washington, DC :</subfield><subfield code="b">World Bank Group,</subfield><subfield code="c">[2015]</subfield></datafield><datafield ind1=" " ind2=" " tag="300"><subfield code="a">1 online resource (xxxiii, 218 pages)</subfield></datafield><datafield ind1=" " ind2=" " tag="336"><subfield code="a">text</subfield><subfield code="b">txt</subfield><subfield code="2">rdacontent</subfield></datafield><datafield ind1=" " ind2=" " tag="337"><subfield code="a">computer</subfield><subfield code="b">c</subfield><subfield code="2">rdamedia</subfield></datafield><datafield ind1=" " ind2=" " tag="338"><subfield code="a">online resource</subfield><subfield code="b">cr</subfield><subfield code="2">rdacarrier</subfield></datafield><datafield ind1=" " ind2=" " tag="500"><subfield code="a">Revised edition of The guide to the World Bank.</subfield></datafield><datafield ind1=" " ind2=" " tag="504"><subfield code="a">Includes bibliographical references and index.</subfield></datafield><datafield ind1=" " ind2=" " tag="506"><subfield code="a">Access restricted to authorized users and institutions.</subfield></datafield><datafield ind1=" " ind2=" " tag="588"><subfield code="a">Description based on print version record.</subfield></datafield><datafield ind1=" " ind2=" " tag="596"><subfield code="a">44</subfield></datafield><datafield ind1="2" ind2="0" tag="610"><subfield code="a">World Bank Group.</subfield></datafield><datafield ind1=" " ind2="0" tag="650"><subfield code="a">Economic assistance.</subfield></datafield><datafield ind1=" " ind2="0" tag="650"><subfield code="a">Economic development.</subfield></datafield><datafield ind1=" " ind2="0" tag="651"><subfield code="a">Developing countries</subfield><subfield code="x">Economic conditions.</subfield></datafield><datafield ind1="4" ind2="0" tag="856"><subfield code="3">University of Alberta Access</subfield><subfield code="u">http://elibrary.worldbank.org/doi/book/10.1596/978-1-4648-0382-6</subfield><subfield code="z">(Unlimited Concurrent Users)</subfield></datafield><datafield ind1=" " ind2=" " tag="949"><subfield code="h">UAIN-B</subfield></datafield><datafield ind1=" " ind2=" " tag="926"><subfield code="a">Internet Access</subfield><subfield code="w">LC</subfield><subfield code="c">1</subfield><subfield code="i">6742507-1001</subfield><subfield code="l">INTERNET</subfield><subfield code="m">UAINTERNET</subfield><subfield code="r">Y</subfield><subfield code="s">Y</subfield><subfield code="t">E-RESOURCE</subfield><subfield code="u">11/25/2014</subfield><subfield code="x">E-BOOK</subfield><subfield code="z">WLDBANK</subfield></datafield></record>